@article{vonKrogh2013,
author = {von Krogh, Georg and Spaeth, Sebastian and Lakhani, Karim R.},
doi = {10.1016/S0048-7333(03)00050-7},
file = {},
journal = {Research Policy},
pages = {25},
publisher = {Elsevier},
title = {{Community, joining, and specialization in open source software innovation: a case study}},
url = {http://flosshub.org/system/files/rp-vonkroghspaethlakhani.pdf},
year = {2003}
}


@misc{classweb2013,
title = {Open Collaboration \& Peer-Production Class (i290m), website : \url{http://courses.ischool.berkeley.edu/i290m-ocpp/site/}, Github repository : \url{https://github.com/sbenthall/i290m-ocpp-site}}
}

@misc{McConachie-10-08,
author = {McConachie, Andrew},
title = {The Freelaw Project},
type = {Blog},
posted-at = {2013-10-08 17:00:00},
year = {2013},
howpublished = {\url{http://courses.ischool.berkeley.edu/i290m-ocpp/site/article/a-mcconachie-assign2}}
}

@misc{Pham-09-17,
author = {Pham, Christina},
title = {Mozilla Open Badges...or not?},
type = {Blog},
posted-at = {2013-09-17 00:00},
year = {2013},
howpublished = {\url{http://courses.ischool.berkeley.edu/i290m-ocpp/site/article/cppham-assign1}}
}

@book{fogel2005producing,
  title={Producing open source software: How to run a successful free software project},
  author={Fogel, Karl},
  year={2005},
  publisher={O'Reilly Media, Inc.}
}

@article{Begel2008,
author = {Begel, Andrew and Simon, Beth},
file = {:Users/mnelimar/\_papers/2008/Begel, Simon\_2008\_Struggles of new college graduates in their first software development job.pdf:pdf},
isbn = {9781595939470},
journal = {ACM SIGCSE Bulletin},
keywords = {computer science education,engineering,human aspects of software,software development},
mendeley-groups = {CSEdu,Software Creation},
pages = {226--230},
title = {{Struggles of new college graduates in their first software development job}},
url = {http://dl.acm.org/citation.cfm?id=1352218},
year = {2008}
}

@article{Baldwin2006,
author = {Baldwin, Carliss Y. and Clark, Kim B.},
doi = {10.1287/mnsc.1060.0546},
file = {:Users/mnelimar/\_papers/2006/Baldwin, Clark\_2006\_The Architecture of Participation Does Code Architecture Mitigate Free Riding in the Open Source Development Model.pdf:pdf},
issn = {0025-1909},
journal = {Management Science},
keywords = {2004,accepted by eric von,architecture,dilemma game,for 3 revisions,free riding,hippel and georg von,history,institutional economics,krogh,modularity,nonrival goods,open source,option value,organizational economics,prisoners,public goods,received august 30,software development,special issue editors,the authors 5 months,this paper was with},
mendeley-groups = {Software Creation/Open Source},
month = jul,
number = {7},
pages = {1116--1127},
title = {{The Architecture of Participation: Does Code Architecture Mitigate Free Riding in the Open Source Development Model?}},
url = {http://pubsonline.informs.org/doi/abs/10.1287/mnsc.1060.0546},
volume = {52},
year = {2006}
}
